% ICDE

@inproceedings{chomicki2003skyline,
  title={Skyline with presorting},
  author={Chomicki, Jan and Godfrey, Parke and Gryz, Jarek and Liang, Dongming},
  booktitle={Proceedings of the 19th International Conference on Data Engineering (ICDE)},
  pages={717--719},
  year={2003},
  organization={IEEE}
}

@inproceedings{borzsony2001skyline,
  title={The skyline operator},
  author={Borzsony, S and Kossmann, Donald and Stocker, Konrad},
  booktitle={Proceedings of the 17th International Conference on Data Engineering (ICDE)},
  pages={421--430},
  year={2001},
  organization={IEEE}
}

@inproceedings{chaudhuri2006robust,
  title={Robust cardinality and cost estimation for skyline operator},
  author={Chaudhuri, Surajit and Dalvi, Nilesh and Kaushik, Raghav},
  booktitle={Proceedings of the 22th International Conference on Data Engineering (ICDE)},
  pages={64--64},
  year={2006},
  organization={IEEE}
}

@inproceedings{karnsteclt2007cost,
  title={Cost-aware skyline queries in structured overlays},
  author={Karnsteclt, M and Muller, Jessica and Sattler, K-U},
  booktitle={Proceedings of the 23th International Conference on Data Engineering (ICDE)},
  pages={285--288},
  year={2007},
  organization={IEEE}
}

@inproceedings{park2009parallel,
  title={Parallel skyline computation on multicore architectures},
  author={Park, Sungwoo and Kim, Taekyung and Park, Jonghyun and Kim, Jinha and Im, Hyeonseung},
  booktitle={Proceedings of the 25th International Conference on Data Engineering (ICDE)},
  pages={760--771},
  year={2009},
  organization={IEEE}
}

@inproceedings{vlachou2010reverse,
  title={Reverse top-k queries},
  author={Akrivi Vlachou and Christos Doulkeridis and Yannis Kotidis and Kjetil N{\o}rv{\aa}g},
  booktitle={Proceedings of the 26th International Conference on Data Engineering (ICDE)},
  pages={365--376},
  year={2010},
  organization={IEEE}
}

% SIGMOD

@inproceedings{papadias2003optimal,
  title={An Optimal and Progressive Algorithm for Skyline Queries},
  author={Papadias, Dimitris and Tao, Yufei and Fu, Greg and Seeger, Bernhard},
  booktitle={Proceedings of the ACM SIGMOD International Conference on Management of Data (SIGMOD)},
  pages={467--478},
  year={2003},
  organization={ACM}
}

@inproceedings{vlachou2008angle,
  title={Angle-based space partitioning for efficient parallel skyline computation},
  author={Vlachou, Akrivi and Doulkeridis, Christos and Kotidis, Yannis},
  booktitle={Proceedings of the ACM SIGMOD International Conference on Management of Data (SIGMOD)},
  pages={227--238},
  year={2008},
  organization={ACM}
}

@inproceedings{vlachou2008efficient,
  title={On efficient top-k query processing in highly distributed environments},
  author={Vlachou, Akrivi and Doulkeridis, Christos and N{\o}rv{\aa}g, Kjetil and Vazirgiannis, Michalis},
  booktitle={Proceedings of the ACM SIGMOD International Conference on Management of Data (SIGMOD)},
  pages={753--764},
  year={2008},
  organization={ACM}
}

@inproceedings{zhang2009scalable,
  title={Scalable skyline computation using object-based space partitioning},
  author={Zhang, Shiming and Mamoulis, Nikos and Cheung, David W},
  booktitle={Proceedings of the ACM SIGMOD International Conference on Management of Data (SIGMOD)},
  pages={483--494},
  year={2009},
  organization={ACM}
}

@inproceedings{zhang2009kernel,
  title={Kernel-based skyline cardinality estimation},
  author={Zhang, Zhenjie and Yang, Yin and Cai, Ruichu and Papadias, Dimitris and Tung, Anthony},
  booktitle={Proceedings of the ACM SIGMOD International Conference on Management of Data (SIGMOD)},
  pages={509--522},
  year={2009},
  organization={ACM}
}

@inproceedings{nehme2011automated,
  title={Automated partitioning design in parallel database systems},
  author={Nehme, Rimma and Bruno, Nicolas},
  booktitle={Proceedings of the ACM SIGMOD International Conference on Management of Data (SIGMOD)},
  pages={1137--1148},
  year={2011},
  organization={ACM}
}

@inproceedings{satish2010fast,
  title={Fast sort on CPUs and GPUs: a case for bandwidth oblivious SIMD sort},
  author={Satish, Nadathur and Kim, Changkyu and Chhugani, Jatin and Nguyen, Anthony D and Lee, Victor W and Kim, Daehyun and Dubey, Pradeep},
  booktitle={Proceedings of the ACM SIGMOD International Conference on Management of Data (SIGMOD)},
  pages={351--362},
  year={2010},
  organization={ACM}
}

@inproceedings{blanas2011design,
  title={Design and evaluation of main memory hash join algorithms for multi-core cpus},
  author={Blanas, Spyros and Li, Yinan and Patel, Jignesh M},
  booktitle={Proceedings of the ACM SIGMOD International Conference on Management of Data (SIGMOD)},
  pages={37-48},
  year={2011},
  organization={ACM}
}

@inproceedings{kohler2011efficient,
  title={Efficient parallel skyline processing using hyperplane projections},
  author={K{\"o}hler, Henning and Yang, Jing and Zhou, Xiaofang},
  booktitle={Proceedings of the ACM SIGMOD International Conference on Management of Data (SIGMOD)},
  pages={85--96},
  year={2011}
}

@inproceedings{thomson2012calvin,
  author    = {Alexander Thomson and Thaddeus Diamond and Shu-Chun Weng and Kun Ren and Philip Shao and Daniel J. Abadi},
  title     = {Calvin: fast distributed transactions for partitioned database systems},
  booktitle = {Proceedings of the ACM SIGMOD International Conference on Management of Data (SIGMOD)},
  year      = {2012},
  pages     = {1-12},
  publisher = {ACM}
}

@inproceedings{zhou2012advanced,
  title={Advanced partitioning techniques for massively distributed computation},
  author={Zhou, Jingren and Bruno, Nicolas and Lin, Wei},
  booktitle={Proceedings of the 2012 international conference on Management of Data},
  pages={13--24},
  year={2012},
  organization={ACM}
}

@inproceedings{pavlo2012skew,
  author    = {Andrew Pavlo and Carlo Curino and Stanley B. Zdonik}, 
  title     = {Skew-aware automatic database partitioning in shared-nothing, parallel OLTP systems},
  booktitle = {Proceedings of the ACM SIGMOD International Conference on Management of Data (SIGMOD)},
  year      = {2012},
  pages     = {61-72},
  publisher = {ACM}
}

@inproceedings{vlachou2013branch,
  title={Branch-and-Bound Algorithm for Reverse Top-k Queries},
  author={Vlachou, Akrivi and Doulkeridis, Christos and N{\o}rv{\aa}g, Kjetil and Kotidis, Yannis},
  booktitle={Proceedings of the ACM SIGMOD International Conference on Management of Data (SIGMOD)},
  year={2013},
  organization={ACM}
}

% VLDB

@inproceedings{bratbergsengen1984hashing,
  title={Hashing Methods and Relational Algebra Operations},
  author={Kjell Bratbergsengen},
  booktitle={Proceedings of the 10th International Conference on Very Large Data Bases (VLDB)},
  year={1984},
  pages={323-333},
  organization={VLDB Endowment}
}

@inproceedings{shatdal1994cache,
  title={Cache conscious algorithms for relational query processing},
  author={Shatdal, Ambuj and Kant, Chander and Naughton, Jeffrey F},
  booktitle={Proceedings of the 20th International Conference on Very Large Data Bases (VLDB)},
  pages={510--510},
  year={1994},
  organization={VLDB Endowment}
}

@inproceedings{tan2001efficient,
  title={Efficient Progressive Skyline Computation},
  author={Tan, Kian-Lee and Eng, Pin-Kwang and Ooi, Beng Chin and others},
  booktitle={Proceedings of the 27th International Conference on Very Large Data Bases (VLDB)},
  pages={301--310},
  year={2001}
}

@inproceedings{godfrey2005maximal,
  title={Maximal vector computation in large data sets},
  author={Godfrey, Parke and Shipley, Ryan and Gryz, Jarek},
  booktitle={Proceedings of the 31th International Conference on Very Large Data Bases (VLDB)},
  pages={229--240},
  year={2005},
  organization={VLDB Endowment}
}

@inproceedings{yuan2005efficient,
  title={Efficient computation of the skyline cube},
  author={Yuan, Yidong and Lin, Xuemin and Liu, Qing and Wang, Wei and Yu, Jeffrey Xu and Zhang, Qing},
  booktitle={Proceedings of the 31th International Conference on Very Large Data Bases (VLDB)},
  pages={241--252},
  year={2005},
  organization={VLDB Endowment}
}

@inproceedings{krueger2011fast,
  title={Fast updates on read-optimized databases using multi-core CPUs},
  author={Krueger, Jens and Kim, Changkyu and Grund, Martin and Satish, Nadathur and Schwalb, David and Chhugani, Jatin and Plattner, Hasso and Dubey, Pradeep and Zeier, Alexander},
  booktitle={Proceedings of the 38th International Conference on Very Large Data Bases (VLDB)},
  volume={5},
  number={1},
  pages={61--72},
  year={2011},
  publisher={VLDB Endowment}
}

@inproceedings{morse2007efficient,
  title={Efficient skyline computation over low-cardinality domains},
  author={Morse, Michael and Patel, Jignesh M and Jagadish, HV},
  booktitle={Proceedings of the 33th International Conference on Very Large Data Bases (VLDB)},
  pages={267--278},
  year={2007},
  organization={VLDB Endowment}
}

@inproceedings{akbarinia2007best,
  title={Best position algorithms for top-k queries},
  author={Akbarinia, Reza and Pacitti, Esther and Valduriez, Patrick},
  booktitle={Proceedings of the 33th International Conference on Very Large Data Bases (VLDB)},
  pages={495--506},
  year={2007},
  organization={VLDB Endowment}
}

@inproceedings{larson2011high,
  title={High-Performance Concurrency Control Mechanisms for Main-Memory Databases},
  author={Larson, Per-{\AA}ke and Blanas, Spyros and Diaconu, Cristian and Freedman, Craig and Patel, Jignesh M and Zwilling, Mike},
  booktitle={Proceedings of the 38th International Conference on Very Large Data Bases (VLDB)},
  volume={5},
  number={4},
  pages={298--309},
  year={2011},
  publisher={VLDB Endowment}
}


@inproceedings{albutiu2012massively,
  title={Massively Parallel Sort-Merge Joins in Main Memory Multi-Core Database Systems}, 
  author={Albutiu, Martina-Cezara and Kemper, Alfons and Neumann, Thomas},
  booktitle={Proceedings of the 38th International Conference on Very Large Data Bases (VLDB)},
  volume={5},
  number={10},
  pages={1064--1075},
  year={2012},
  organization={VLDB Endowment}
}

% VLDB Journal

@inproceedings{godfrey2007algorithms,
  title={Algorithms and analyses for maximal vector computation},
  author={Godfrey, Parke and Shipley, Ryan and Gryz, Jarek},
  journal={The VLDB Journal—The International Journal on Very Large Data Bases},
  volume={16},
  number={1},
  pages={5--28},
  year={2007},
  publisher={Springer-Verlag New York, Inc.}
}

% FoIKS

@incollection{godfrey2004skyline,
  title={Skyline Cardinality for Relational Processing},
  author={Godfrey, Parke},
  booktitle={Foundations of Information and Knowledge Systems (FoIKS)},
  pages={78--97},
  year={2004},
  publisher={Springer}
}

% TODS

@article{papadias2005progressive,
  title={Progressive skyline computation in database systems},
  author={Papadias, Dimitris and Tao, Yufei and Fu, Greg and Seeger, Bernhard},
  journal={ACM Transactions on Database Systems (TODS)},
  volume={30},
  number={1},
  pages={41--82},
  year={2005},
  publisher={ACM}
}

@article{bartolini2008efficient,
  title={Efficient sort-based skyline evaluation},
  author={Bartolini, Ilaria and Ciaccia, Paolo and Patella, Marco},
  journal={ACM Transactions on Database Systems (TODS)},
  volume={33},
  number={4},
  pages={31},
  year={2008},
  publisher={ACM}
}

% ICASSP

@inproceedings{frigo1998fftw,
  title={FFTW: An adaptive software architecture for the FFT},
  author={Frigo, Matteo and Johnson, Steven G},
  booktitle={Proceedings of the IEEE International Conference on Acoustics, Speech and Signal Processing (ICASSP)},
  volume={3},
  pages={1381--1384},
  year={1998},
  organization={IEEE}
}

% DASFAA

@inproceedings{selke2010highly,
  title={Highly Scalable Multiprocessing Algorithms for Preference-Based Database Retrieval},
  author={Selke, Joachim and Lofi, Christoph and Balke, Wolf-Tilo},
  booktitle={Proceedings of the 15th International Conference on Database Systems for Advanced Applications (DASFAA)},
  pages={246--260},
  year={2010},
  organization={Springer}
}

% HPCS

@inproceedings{cosgaya2007parallel,
  title={Parallel computation of skyline queries},
  author={Cosgaya-Lozano, Adan and Rau-Chaplin, Andrew and Zeh, Norbert},
  booktitle={Proceedings of High Performance Computing Systems and Applications (HPCS)},
  pages={12--12},
  year={2007},
  organization={IEEE}
}

% ICS

@inproceedings{sun1990another,
  title={Another view on parallel speedup},
  author={Sun, X-H and Ni, Lionel M},
  booktitle={Proceedings of the International Conference on Supercomputing (ICS)},
  pages={324--333},
  year={1990},
  organization={IEEE}
}

@inproceedings{kumar1991analysis,
  title={Analysis of scalability of parallel algorithms and architectures: a survey},
  author={Kumar, Vipin and Gupta, Anshul},
  booktitle={Proceedings of the 5th international conference on Supercomputing},
  pages={396--405},
  year={1991},
  organization={ACM}
}


% SJCC

@inproceedings{amdahl1967validity,
  title={Validity of the single processor approach to achieving large scale computing capabilities},
  author={Amdahl, Gene M},
  booktitle={Proceedings of the Spring Joint Computer Conference (SJCC)},
  pages={483--485},
  year={1967},
  organization={ACM}
}

% Computer

@article{hill2008amdahl,
  title={Amdahl's law in the multicore era},
  author={Hill, Mark D and Marty, Michael R},
  journal={Computer},
  volume={41},
  number={7},
  pages={33--38},
  year={2008},
  publisher={IEEE}
}

% DaMoN

@inproceedings{ye2011scalable,
  title={Scalable aggregation on multicore processors},
  author={Ye, Yang and Ross, Kenneth A and Vesdapunt, Norases},
  booktitle={Proceedings of the 7th International Workshop on Data Management on New Hardware (DaMoN)},
  pages={1--9},
  year={2011},
  organization={ACM}
}

@inproceedings{sompolski2011vectorization,
  title={Vectorization vs. compilation in query execution},
  author={Sompolski, Juliusz and Zukowski, Marcin and Boncz, Peter},
  booktitle={Proceedings of the 7th International Workshop on Data Management on New Hardware (DaMoN)},
  pages={33--40},
  year={2011},
  organization={ACM}
}

% DEXA

@inproceedings{lu2008effective,
  title={Effective Skyline Cardinality Estimation on Data Streams},
  author={Lu, Yang and Zhao, Jiakui and Chen, Lijun and Cui, Bin and Yang, Dongqing},
  booktitle={Proceedings of the 19th International Conference on Database and Expert Systems Applications (DEXA)},
  pages={241--254},
  year={2008},
  organization={Springer}
}

@inproceedings{selke2011skymap,
  title={SkyMap: A Trie-Based Index Structure for High-Performance Skyline Query Processing},
  author={Selke, Joachim and Balke, Wolf-Tilo},
  booktitle={Proceedings of the 22nd International Conference on Database and Expert Systems Applications (DEXA)},
  pages={350--365},
  year={2011},
  organization={Springer}
}

% ARCS

@inproceedings{membarth2011frameworks,
 author = {Membarth, Richard and Hannig, Frank and Teich, J\"{u}rgen and K\"{o}rner, Mario and Eckert, Wieland},
 title = {Frameworks for multi-core architectures: a comprehensive evaluation using 2D/3D image registration},
 booktitle = {Proceedings of the 24th international conference on Architecture of computing systems (ARCS)},
 year = {2011},
 pages = {62--73},
 publisher = {Springer-Verlag},
 address = {Berlin, Heidelberg},
} 

% IPDPS

@inproceedings{cantonnet2004productivity,
  title={Productivity analysis of the UPC language},
  author={Cantonnet, Fran{\c{c}}ois and Yao, Yiyi and Zahran, Mohamed and El-Ghazawi, Tarek},
  booktitle={Proceedings of the 18th International Parallel and Distributed Processing Symposium (IPDPS)},
  pages={254},
  year={2004},
  organization={IEEE}
}

% IWMSE

@inproceedings{willhalm2008putting,
  title={Putting intel{\textregistered} threading building blocks to work},
  author={Willhalm, Thomas and Popovici, Nicolae},
  booktitle={Proceedings of the 1st international workshop on Multicore software engineering (IWMSE)},
  pages={3--4},
  year={2008},
  organization={ACM}
}

% HDPC

@inproceedings{meneghin2012performance,
  title={Performance evaluation of inter-thread communication mechanisms on multicore/multithreaded architectures},
  author={Meneghin, Massimiliano and Pasetto, Davide and Franke, Hubertus and Petrini, Fabrizio and Xenidis, Jimi},
  booktitle={Proceedings of 21st International ACM Symposium on High-Performance Parallel and Distributed Computing (HDPC)},
  year={2012}
}

@inproceedings{torlone2002finding,
  title={Finding the Best when it's a Matter of Preference},
  author={Torlone, Riccardo and Ciaccia, Paolo},
  booktitle={Proceedings of the 10th Italian National Conference on Advanced Database Systems (SEBD)},
  year={2002}
}

% Misc.

@inproceedings{scott1993false,
  title={False Sharing and its effect on shared memory performance},
  author={Scott, ML and Bolosky, WJ},
  booktitle={Proceedings of the USENIX Symposium on Experiences with Distributed and Multiprocessor Systems (SEDMS)},
  pages={57},
  year={1993},
  organization={Usenix Assoc}
}

@MISC{Leiserson98aminicourse,
    author = {Charles E. Leiserson and Harald Prokop},
    title = {A Minicourse on Multithreaded Programming},
    year = {1998}
}

@article{leiserson1998minicourse,
  title={A Minicourse on Multithreaded Programming},
  author={Leiserson, Charles E and Prokop, Harald},
}

@inproceedings{grunwald1993improving,
  title={Improving the cache locality of memory allocation},
  author={Grunwald, Dirk and Zorn, Benjamin and Henderson, Robert},
  booktitle={ACM SIGPLAN Notices},
  volume={28},
  number={6},
  pages={177--186},
  year={1993},
  organization={ACM}
}

@article{von1993first,
  title={First Draft of a Report on the EDVAC},
  author={Von Neumann, John},
  journal={Annals of the History of Computing, IEEE},
  volume={15},
  number={4},
  pages={27--75},
  year={1993},
  publisher={IEEE}
}

@article{stonebraker1986case,
  author    = {Michael Stonebraker},
  title     = {The Case for Shared Nothing},
  journal   = {IEEE Database Engineering Bulletin},
  volume    = {9},
  number    = {1},
  year      = {1986},
  pages     = {4-9},
}

@article{dewitt1992parallel,
  title={Parallel database systems: the future of high performance database systems},
  author={DeWitt, David and Gray, Jim},
  journal={Communications of the ACM},
  volume={35},
  number={6},
  pages={85--98},
  year={1992},
  publisher={ACM}
}

@article{kung1975finding,
  title={On finding the maxima of a set of vectors},
  author={Kung, Hsiang-Tsung and Luccio, Fabrizio and Preparata, Franco P},
  journal={Journal of the ACM},
  volume={22},
  number={4},
  pages={469--476},
  year={1975}
}

@article{eng2003indexing,
  title={Indexing for progressive skyline computation},
  author={Eng, Pin-Kwang and Ooi, Beng Chin and Tan, Kian-Lee},
  journal={Data \& Knowledge Engineering},
  volume={46},
  number={2},
  pages={169--201},
  year={2003},
  publisher={Elsevier}
}

@article{chen2010effective,
  title={Effective space usage estimation for sliding-window skybands},
  author={Chen, Lijun and Zhao, Jiakui and Huang, Qun and Yang, Liang Huai},
  journal={Mathematical Problems in Engineering},
  volume={2010},
  year={2010},
  publisher={Hindawi Publishing Corporation}
}

@article{dagum1998openmp,
  title={OpenMP: An Industry-Standard API for Shared-Memory Programming},
  author={Dagum, Leonardo and Menon, Ramesh},
  journal={Computational Science \& Engineering},
  volume={5},
  number={1},
  pages={46--55},
  year={1998},
  publisher={IEEE}
}

@phdthesis{randall1998cilk,
  title={Cilk: Efficient Multithreaded Computing},
  author={Randall, Keith H},
  year={1998},
  school={Massachusetts Institute of Technology}
}

@incollection{heller2006lazy,
  title={A lazy concurrent list-based set algorithm},
  author={Heller, Steve and Herlihy, Maurice and Luchangco, Victor and Moir, Mark and Scherer III, William N and Shavit, Nir},
  booktitle={Principles of Distributed Systems},
  pages={3--16},
  year={2006},
  publisher={Springer}
}

% Books

@book{de1997computational,
  title={Computational geometry},
  author={De Berg, Mark and Van Kreveld, Marc and Overmars, Mark and Schwarzkopf, Otfried},
  year={1997},
  publisher={Springer}
}

@book{pacheco,
	author = "Peter Pacheco",
	title = "An Introduction to Parallel Programming",
	publisher = "Morgan Kaufmann",
	year = "2011"
}

% Manuals and tutorials

@manual{oracle2012timesten,
	title		= "Oracle {TimesTen} In-Memory Architectural Database Overview",
	key			= "Oracle",
	publisher	= "Oracle",
	howpublished= "\url{http://www.oracle.com/technetwork/products/timesten/overview/timesten-imdb-086887.html}",
	year		= "2012"
}

@manual{inteloptimization,
	title = "Intel® 64 and IA-32 Architectures Optimization Reference Manual",
	organization = "Intel"
}

@misc{texas:multicore,
	title="Multicore Programming Guide",
	author="{Texas Instruments}",
	year="2012"
}
